<record><leader>00000cas a22000007a 4500</leader><controlfield tag="001">11944469</controlfield><controlfield tag="008">850420d18671877ohuwr ne      0   a0eng d</controlfield><datafield ind1=" " ind2=" " tag="010"><subfield code="a">sn 85038229 </subfield></datafield><datafield ind1=" " ind2=" " tag="040"><subfield code="a">NPY</subfield><subfield code="b">eng</subfield><subfield code="c">NPY</subfield><subfield code="d">NPX</subfield><subfield code="d">NPU</subfield><subfield code="d">ONP</subfield><subfield code="d">OCLCQ</subfield><subfield code="d">DLC</subfield><subfield code="d">OCLCF</subfield><subfield code="d">OCLCO</subfield></datafield><datafield ind1="0" ind2=" " tag="022"><subfield code="a">2327-4832</subfield><subfield code="2">1</subfield></datafield><datafield ind1=" " ind2=" " tag="042"><subfield code="a">msc</subfield><subfield code="a">nsdp</subfield></datafield><datafield ind1=" " ind2=" " tag="043"><subfield code="a">n-us-oh</subfield></datafield><datafield ind1="0" ind2="0" tag="050"><subfield code="a">Newspaper</subfield></datafield><datafield ind1="0" ind2="0" tag="082"><subfield code="a">071</subfield><subfield code="2">23</subfield></datafield><datafield ind1="0" ind2=" " tag="130"><subfield code="a">Fremont weekly journal (Fremont, Ohio : 1867)</subfield></datafield><datafield ind1=" " ind2="4" tag="222"><subfield code="a">The Fremont weekly journal (Fremont, Ohio. 1867. Print)</subfield></datafield><datafield ind1="1" ind2="4" tag="245"><subfield code="a">The Fremont weekly journal.</subfield></datafield><datafield ind1=" " ind2=" " tag="260"><subfield code="a">Fremont, Sandusky County, Ohio :</subfield><subfield code="b">Wilcox &amp; Greene,</subfield><subfield code="c">-1877.</subfield></datafield><datafield ind1=" " ind2=" " tag="300"><subfield code="a">v.</subfield></datafield><datafield ind1=" " ind2=" " tag="310"><subfield code="a">Weekly</subfield></datafield><datafield ind1="1" ind2=" " tag="362"><subfield code="a">Began with Jan. 4, 1867 issue.</subfield></datafield><datafield ind1="0" ind2=" " tag="362"><subfield code="a">-v. 48, no. 52 (Dec. 21, 1877).</subfield></datafield><datafield ind1=" " ind2=" " tag="500"><subfield code="a">Republican.</subfield></datafield><datafield ind1=" " ind2=" " tag="530"><subfield code="a">Archived issues are available in digital format as part of the Library of Congress Chronicling America online collection.</subfield></datafield><datafield ind1=" " ind2=" " tag="588"><subfield code="a">Description based on: New ser., v. 15, no. 2 (Jan. 11, 1867).</subfield></datafield><datafield ind1=" " ind2="0" tag="651"><subfield code="a">Fremont (Ohio)</subfield><subfield code="v">Newspapers.</subfield></datafield><datafield ind1=" " ind2="0" tag="651"><subfield code="a">Sandusky County (Ohio)</subfield><subfield code="v">Newspapers.</subfield></datafield><datafield ind1=" " ind2="7" tag="655"><subfield code="a">Newspapers.</subfield><subfield code="2">fast</subfield><subfield code="0">(OCoLC)fst01423814</subfield></datafield><datafield ind1=" " ind2="7" tag="651"><subfield code="a">Ohio</subfield><subfield code="z">Fremont.</subfield><subfield code="2">fast</subfield><subfield code="0">(OCoLC)fst01227962</subfield></datafield><datafield ind1=" " ind2="7" tag="651"><subfield code="a">Ohio</subfield><subfield code="z">Sandusky County.</subfield><subfield code="2">fast</subfield><subfield code="0">(OCoLC)fst01221007</subfield></datafield><datafield ind1=" " ind2=" " tag="752"><subfield code="a">United States</subfield><subfield code="b">Ohio</subfield><subfield code="c">Sandusky</subfield><subfield code="d">Fremont.</subfield></datafield><datafield ind1="1" ind2=" " tag="776"><subfield code="t">Fremont weekly journal (Fremont, Ohio : 1867 : Online)</subfield><subfield code="x">2327-4840</subfield><subfield code="w">(DLC)  2013218648</subfield><subfield code="w">(OCoLC)830532484</subfield></datafield><datafield ind1="0" ind2="0" tag="780"><subfield code="t">Fremont journal (Fremont, Ohio : 1853)</subfield><subfield code="x">2327-3178</subfield><subfield code="w">(DLC)sn 85026050</subfield><subfield code="w">(OCoLC)12013304</subfield></datafield><datafield ind1="0" ind2="0" tag="785"><subfield code="t">Fremont journal (Fremont, Ohio : 1877)</subfield><subfield code="w">(DLC)sn 85038230</subfield></datafield><datafield ind1="4" ind2="1" tag="856"><subfield code="u">http://www.loc.gov/chroniclingamerica/lccn/sn85038229/issues</subfield></datafield></record>